@book{sedra1998microelectronic,
  title={Microelectronic Circuits},
  author={Sedra, A.S. and Smith, K.C.},
  number={v. 1},
  isbn={9780195116632},
  lccn={97011254},
  series={Microelectronic Circuits},
  url={https://books.google.com.br/books?id=RcodQm6LaVEC},
  year={1998},
  publisher={Oxford University Press}
}
@book{orsini,
  title={Curso de circuitos eletricos},
  author={de Queiroz Orsini, L.},
  number={v. 1},
  isbn={9788521203087},
  url={https://books.google.com.br/books?id=J6VKAAAACAAJ},
  year={2002},
  publisher={Edgard Bl{\"u}cher}
}
